<?xml version="1.0" encoding="UTF-8"?><collection xmlns="http://www.loc.gov/MARC21/slim"><record><leader>00571nam--2200205-i-4500</leader><controlfield tag="001">000027252</controlfield><controlfield tag="002">20161230</controlfield><controlfield tag="005">20161230201036</controlfield><controlfield tag="008">060222s1000------------r-----000-0-eng-d</controlfield><datafield ind1=" " ind2=" " tag="020"><subfield code="a">0472083074</subfield></datafield><datafield ind1=" " ind2=" " tag="040"><subfield code="a">IFIN-HH</subfield></datafield><datafield ind1=" " ind2=" " tag="080"><subfield code="a">800.7:802.0</subfield></datafield><datafield ind1="1" ind2=" " tag="100"><subfield code="a">Krohn, Robert</subfield></datafield><datafield ind1="1" ind2="0" tag="245"><subfield code="a">English sentence structure</subfield><subfield code="c">Robert krohn</subfield></datafield><datafield ind1=" " ind2=" " tag="250"><subfield code="a">Second Printing</subfield></datafield><datafield ind1=" " ind2=" " tag="260"><subfield code="a">Ann Arbor</subfield><subfield code="b">The University Of Michigan Press</subfield><subfield code="c">1972</subfield></datafield><datafield ind1=" " ind2=" " tag="300"><subfield code="a">305P</subfield></datafield><datafield ind1=" " ind2=" " tag="490"><subfield code="a">An Intensive Course In English-english Language Institute</subfield></datafield><datafield ind1=" " ind2=" " tag="852"><subfield code="a">39120</subfield><subfield code="c">4</subfield></datafield><datafield ind1=" " ind2=" " tag="CAT"><subfield code="a">Sys</subfield><subfield code="c">20130201</subfield><subfield code="h">152028</subfield></datafield></record></collection>